 
%@article{gupta1996bayesian,
% title={Bayesian look ahead one-stage sampling allocations for selection of the best population},
% author={Gupta, Shanti S and Miescke, Klaus J},
% journal={Journal of statistical planning and inference},
% volume={54},
% number={2},
% pages={229--244},
% year={1996},
% publisher={Elsevier}
%}

